@inproceedings{qi2017pointnet,
	title={Pointnet: Deep Learning on Point Sets for 3{D} Classification and Segmentation},
	author={Charles R. Qi and Su, Hao and Mo, Kaichun and Leonidas J. Guibas},
	booktitle={Proc. IEEE CVPR},
	pages={652--660},
	year={2017}
}

@inproceedings{yu2017dilated,
	title={Dilated residual networks},
	author={F. Yu and V. Koltun and T. Funkhouser},
	booktitle={Proc. IEEE CVPR},
	pages={472--480},
	year={2017}
}

@inproceedings{shi2017learning,
	title={Learning non-lambertian object intrinsics across shapenet categories},
	author={J. Shi and Y. Dong and H. Su and S. X. Yu},
	booktitle={Proc. IEEE CVPR},
	pages={1685--1694},
	year={2017}
}
@inproceedings{alperovich2017shadow,
	title={Shadow and specularity priors for intrinsic light field decomposition},
	author={A. Alperovich and O. Johannsen and M. Strecke and B. Goldluecke},
	booktitle={Proc. Springer EMMCVPR},
	pages={389--406},
	year={2017},
}
@ARTICLE{jeon2019depth,
	author={H. {Jeon} and J. {Park} and G. {Choe} and J. {Park} and Y. {Bok} and Y. {Tai} and I. S. {Kweon}},
	journal={IEEE Trans. Pattern Anal. Mach. Intell. },
	title={Depth from a light field image with learning-based matching costs},
	year={2019},
	volume={41},
	number={2},
	pages={297-310},
	keywords={cameras;image matching;image sensors;learning (artificial intelligence);optimisation;light field datasets;vignetting artifacts;optimal depth label;learning based framework;lenslet light field cameras;nonuniform light field degradations;single photo-consistency measure;depth map;depth estimation;learning-based matching costs;light field image;Cameras;Estimation;Degradation;Reliability;Training;Lenses;Computational photography;light field imaging;depth estimation;3D reconstruction;aberration correction},
	doi={10.1109/TPAMI.2018.2794979},
	ISSN={0162-8828},
	month={Feb},
}

@article{volume,
  title={Optical models for direct volume rendering},
  author={Max, Nelson},
  journal={IEEE Transactions on Visualization and Computer Graphics},
  volume={1},
  number={2},
  pages={99--108},
  year={1995},
  publisher={IEEE}
}

@article{nerf,
  title={Nerf: Representing scenes as neural radiance fields for view synthesis},
  author={Mildenhall, Ben and Srinivasan, Pratul P and Tancik, Matthew and Barron, Jonathan T and Ramamoorthi, Ravi and Ng, Ren},
  journal={Communications of the ACM},
  volume={65},
  number={1},
  pages={99--106},
  year={2021},
  publisher={ACM New York, NY, USA}
}

@inproceedings{infonerf,
  title={Infonerf: Ray entropy minimization for few-shot neural volume rendering},
  author={Kim, Mijeong and Seo, Seonguk and Han, Bohyung},
  booktitle={Proceedings of the IEEE/CVF Conference on Computer Vision and Pattern Recognition},
  pages={12912--12921},
  year={2022}
}


